@misc{qaanaaq,
title={Qaanaaq},
%author={Wikipedia},
year=2016,
month=10,
url = {https://en.wikipedia.org/wiki/Qaanaaq}
}
@misc{nanortalik,
title={Nanortalik},
%author={Wikipedia},
year=2016,
month=10,
url = {https://en.wikipedia.org/wiki/Nanortalik}
}
@misc{grlStat,
title={Greenland in figures},
%author={Statistics Greenland},
year=2013,
url = {http://www.stat.gl/publ/da/GF/2013/pdf/Greenland%20in%20Figures%202013.pdf}
}
@misc{grlStatWeb,
title={Befolkning},
%author={Gr√∏nlands Statistik},
year=2016,
url = {http://www.stat.gl/dialog/topmain.asp?lang=da&subject=Befolkning&sc=BE}
}

@report{itur_p341-5,
	author = {},
	title = {Recommendation ITU-R P.341-5: The concept of transmission loss for radio links},
	institution = {ITU-R},
	year = {1999},
	month = {10},
}
 
@book{nbs-tn101,
 author={P. L. Rice and A. G. Longley et. al.},
 title={Transmission loss predictions for tropospheric communication circuits},
 publisher={National  Bureau of Standards},
 year=1965,
 month=5,
}

@book{ntis-ad676874,
	author={P. L. Rice and A. G. Longley},
	title={Prediction of tropospheric radio transmission loss over irregular terrain - a computer method.},
	publisher={Tropospheric Telecommunications Laboratory - Institution for Telecommunication Science},
	year=1968,
}
@misc{busy-hour,
	title={Cisco Visual Networking Index: Forecast and Methodology, 2014-2019 White Paper},
	%author={Cisco},
	year=2015,
	month=5,
	url = {http://www.cisco.com/c/en/us/solutions/collateral/service-provider/ip-ngn-ip-next-generation-network/white_paper_c11-481360.html}
}

