@book{Goldsmith,
author={Andrea Goldsmith},
title={Wireless Communications},
publisher={Cambridge University Press},
year=2005,
}

@booklet{Mitra,
author={Dr. Abhijit Mitra},
title={Lecture Notes on Mobile Communication},
institution={Indian Institute of Technology Guwahati, Department of Electronics and Communication Engineering},
year=2009,
month={November}
}

@report{ConsciaTilbud,
title={Tilbud på IP Core noder til søkabel},
institution={Conscia A/S, Kirkebjerg Parkvej 9, 2605 Brøndby , Denmark},
year=2015,
month=5
}